<record><leader>00000cas a22000007a 4500</leader><controlfield tag="001">33437165</controlfield><controlfield tag="008">951108d185u18uuksuwr ne      0   a0eng d</controlfield><datafield ind1=" " ind2=" " tag="010"><subfield code="a">sn 95063180 </subfield></datafield><datafield ind1=" " ind2=" " tag="040"><subfield code="a">CNW</subfield><subfield code="b">eng</subfield><subfield code="c">CNW</subfield><subfield code="d">OCL</subfield><subfield code="d">OCLCQ</subfield><subfield code="d">DLC</subfield></datafield><datafield ind1="0" ind2=" " tag="022"><subfield code="a">2329-4108</subfield><subfield code="2">1</subfield></datafield><datafield ind1=" " ind2=" " tag="042"><subfield code="a">msc</subfield><subfield code="a">nsdp</subfield></datafield><datafield ind1=" " ind2=" " tag="043"><subfield code="a">n-us-ks</subfield></datafield><datafield ind1="0" ind2="0" tag="050"><subfield code="a">Newspaper</subfield></datafield><datafield ind1="0" ind2="0" tag="082"><subfield code="a">071</subfield><subfield code="2">23</subfield></datafield><datafield ind1="0" ind2=" " tag="130"><subfield code="a">Freeman's champion (Prairie City, Kan.)</subfield></datafield><datafield ind1=" " ind2="0" tag="222"><subfield code="a">Freeman's champion (Prairie City, Kan. Print)</subfield></datafield><datafield ind1="1" ind2="0" tag="245"><subfield code="a">Freeman's champion.</subfield></datafield><datafield ind1=" " ind2=" " tag="260"><subfield code="a">Prairie City, Kanzas :</subfield><subfield code="b">Prouty &amp; Willett</subfield></datafield><datafield ind1=" " ind2=" " tag="300"><subfield code="a">v.</subfield></datafield><datafield ind1=" " ind2=" " tag="310"><subfield code="a">Weekly</subfield></datafield><datafield ind1=" " ind2=" " tag="530"><subfield code="a">Archived issues are available in digital format as part of the Library of Congress Chronicling America online collection.</subfield></datafield><datafield ind1=" " ind2=" " tag="588"><subfield code="a">Description based on: Vol. 1, no. 22 (May 13, 1858).</subfield></datafield><datafield ind1=" " ind2="0" tag="651"><subfield code="a">Prairie City (Kan.)</subfield><subfield code="v">Newspapers.</subfield></datafield><datafield ind1=" " ind2=" " tag="752"><subfield code="a">United States</subfield><subfield code="b">Kansas</subfield><subfield code="d">Prairie City.</subfield></datafield><datafield ind1="0" ind2="8" tag="776"><subfield code="i">Online version:</subfield><subfield code="t">Freeman's champion (Prairie City, Kan. : Online)</subfield><subfield code="x">2329-4116</subfield><subfield code="w">(DLC)  2013218796</subfield><subfield code="w">(OCoLC)846843136</subfield></datafield><datafield ind1="4" ind2="1" tag="856"><subfield code="u">http://chroniclingamerica.loc.gov/lccn/sn95063180/issues</subfield></datafield></record>